
@article{BPFabric,
    author = {S. Jouet and D. P. Pezaros},
    title = {{BPFabric : Data Plane Programmability for Software Defined Networks}},
    year = {2017}
}

@article{Arbitrary,
    author = {S. Jouet, R. Cziva, D. P. Pezaros},
    title = {{Arbitrary Packet Matching in OpenFlow}}
}

@article{BSDpacketfilter,
    author = {S. McCanne and V. Jacobson},
    title = {{The BSD Packet Filter: A New Architecture for User-level Packet Capture}},
    howpublished = {1993 Winter USENIX conference, January 25-29},
    year = {1993},
    ee = {http://www.tcpdump.org/papers/bpf-usenix93.pdf"}
}

@article{ZeroCopyBPF,
    author = {R. N. M. Watson and C. S. J. Peron},
    title = {{Zero-Copy BPF}},
    year = {2007},
    howpublished = {http://www.watson.org/~robert/freebsd/2007asiabsdcon/20070309-devsummit-zerocopybpf.pdf}
}

@Misc{Kernel318,
    title = {{Linux kernel 3.18, Section 1.3. bpf() syscall for eBFP virtual machine programs}},
    howpublished = {kernelnewbies.org},
    year = {2014}
}

@Misc{Kernel319,
    title = {{Linux kernel 3.19, Section 11. Networking}},
    howpublished = {kernelnewbies.org},
    year = {2015}
}

@article{BPFsyscallAPI,
    author = {J. Corbet},
    title = {{The BPF system call API, version 14}},
    howpublished = {LWN.net},
    year = {2014}
}

@article{Extendingebpf,
    author = {J. Corbet},
    title = {{Extending extended BPF}},
    howpublished = {LWN.net},
    year = {2014}
}

@Misc{Kernel41,
    title = {{Linux kernel 4.1, Section 11. Networking}},
    howpublished = {kernelnewbies.org},
    year = {2015}
}

@Misc{BPFdocs,
    author = {J. Schulist, D. Borkmann, A. Starovoitov},
    title = {{Linux Socket Filtering aka Berkeley Packet Filter (BPF)}},
    howpublished = {https://www.kernel.org/doc/Documentation/networking/filter.txt}
}

@Misc{Cloudflareblog,
    author = {M. Majkowski},
    title = {{BPF - the forgotten bytecode}},
    howpublished = {https://blog.cloudflare.com/bpf-the-forgotten-bytecode/},
    year = {2014}
}

@Misc{Attaching,
    author = {J. Corbet},
    title = {{Attaching eBPF programs to sockets",
    howpublished = {LWN.net},
    year = {2014}
}

@article{soc,
    author = {N. Kaur, A. Kumar, L. Gupta},
    title = {{VHDL Design and Synthesis of 64 bit RISC Processor System on a Chip (SoC)}},
    howpublished = {IOSR Journal of VLSI and Signal Processing (IOSR-JVSP)},
    volume = {3},
    year = {2013}
}

@article{risc,
    author = {J. Gray},
    title = {{Building a RISC CPU and System-on-a-Chip in an FPGA}},
    howpublished = {Circuit Cellar},
    year = {2000}
}

@Misc{refpipeline,
    title = {{NetFPGA-10G Reference pipeline}},
    howpublished = {https://github.com/NetFPGA/NetFPGA-public/wiki/NetFPGA-10G-Reference-pipeline}
}

@Misc{offgit,
    title = {{NetFPGA official github}},
    howpublished = {https://github.com/NetFPGA}
}

@article{nimanual,
    author = {National Instruments Manuals. LabVIEW 2011 FPGA Module Help.},
    title = {{Introduction to FPGA Hardware Concepts (FPGA Module)}},
    year = {2011},
    howpublished = {http://zone.ni.com/reference/en-XX/help/371599G-01/lvfpgaconcepts/fpga_basic_chip_terms/}
}

@Misc{globalbuf,
    author = {Xilinx ISE Help},
    title = {{Global Buffers}},
    howpublished = {https://www.xilinx.com/itp/xilinx10/isehelp/ise_r_comp_global_buffers.htm}
}

@Misc{fpgalogicblocks,
    author = {Xilinx User Guides},
    title = {{7 Series FPGAs Configurable Logic Block}},
    year = {2016}
}

@article{realitytv,
    author = {R. Kruger},
    title = {{Reality TV for FPGA design engineers}},
    howpublished = {EE Times},
    year = {2006},
    ee = {http://www.eetimes.com/document.asp?doc_id=1274495&page_number=2}
}

@article{procarrays,
    author = {I. Vassnyi},
    title = {{Implementing processor arrays on FPGAs}},
    journal = {Hartenstein R.W., Keevallik A. (eds) Field-Programmable Logic and Applications From FPGAs to Computing Paradigm.  FPL 1998. Lecture Notes in Computer Science},
    year = {1998},
    volume = {1482},
    howpublished = {Springer, Berlin, Heidelberg}
}

@article{noc,
    author = {Z. Wang, O. Hammami},
    title = {{A 24 Processors System on Chip FPGA Design with Network on Chip}},
    howpublished = {ENSTA ParisTech Paris, France},
    ee = {https://www.design-reuse.com/articles/21583/processor-noc-fpga.html}
}